@ONLINE{fca2012guidance,
  AUTHOR = {Authority, Financial Services},
  URL = {https://www.fca.org.uk/publication/finalised-guidance/fg12-13.pdf},
  DATE = {2012},
  TITLE = {Guidance on the practice of `payment for order flow'},
}

@ONLINE{mevblocker2023docs,
  AUTHOR = {Blocker, MEV},
  URL = {https://mevblocker.io/docs},
  DATE = {2023},
  TITLE = {How to send backrun bundles to MEV Blocker RPC},
}

@ARTICLE{budish2015high,
  AUTHOR = {Budish, Eric and Cramton, Peter and Shim, John},
  URL = {https://doi.org/10.1093/qje/qjv027},
  DATE = {2015-07},
  DOI = {10.1093/qje/qjv027},
  EPRINT = {https://academic.oup.com/qje/article-pdf/130/4/1547/30637414/qjv027.pdf},
  ISSN = {0033-5533},
  JOURNALTITLE = {The Quarterly Journal of Economics},
  NUMBER = {4},
  PAGES = {1547--1621},
  TITLE = {The High-Frequency Trading Arms Race: Frequent Batch Auctions as a Market Design Response},
  VOLUME = {130},
}

@EPRINT{canidio2023arbitrageurs,
  AUTHOR = {Canidio, Andrea and Fritsch, Robin},
  DATE = {2023},
  EPRINT = {2307.02074},
  EPRINTCLASS = {cs.DC},
  EPRINTTYPE = {arXiv},
  TITLE = {Arbitrageurs' profits, LVR, and sandwich attacks: batch trading as an {AMM} design response},
}

@ONLINE{cowprotocoloverview,
  URL = {https://docs.cow.fi},
  DATE = {2023},
  TITLE = {CoW protocol overview},
}

@INPROCEEDINGS{daian2020flash,
  AUTHOR = {Daian, Philip and Goldfeder, Steven and Kell, Tyler and Li, Yunqi and Zhao, Xueyuan and Bentov, Iddo and Breidenbach, Lorenz and Juels, Ari},
  ORGANIZATION = {IEEE},
  BOOKTITLE = {2020 IEEE Symposium on Security and Privacy (SP)},
  DATE = {2020},
  EPRINT = {1904.05234},
  EPRINTCLASS = {cs.CR},
  EPRINTTYPE = {arXiv},
  PAGES = {910--927},
  TITLE = {Flash boys 2.0: Frontrunning in decentralized exchanges, miner extractable value, and consensus instability},
}

@EPRINT{ferreira2022credible,
  AUTHOR = {Ferreira, Matheus V. X. and Parkes, David C.},
  URL = {https://arxiv.org/abs/2209.15569},
  DATE = {2022},
  DOI = {10.48550/ARXIV.2209.15569},
  EPRINT = {2209.15569},
  EPRINTCLASS = {cs.GT},
  EPRINTTYPE = {arXiv},
  KEYWORDS = {Computer Science and Game Theory (cs.GT),Cryptography and Security (cs.CR),Theoretical Economics (econ.TH),Trading and Market Microstructure (q-fin.TR),FOS: Computer and information sciences,FOS: Computer and information sciences,FOS: Economics and business,FOS: Economics and business},
  TITLE = {Credible Decentralized Exchange Design via Verifiable Sequencing Rules},
}

@EPRINT{gong2023order,
  AUTHOR = {Gong, Tiantian and Kate, Aniket},
  DATE = {2023},
  EPRINT = {2302.01177},
  EPRINTCLASS = {cs.CR},
  EPRINTTYPE = {arXiv},
  TITLE = {Order but Not Execute in Order},
}

@EPRINT{macpherson2023adversarial,
  AUTHOR = {Macpherson, Andrew W.},
  DATE = {2023},
  EPRINT = {2302.01663},
  EPRINTCLASS = {math.PR},
  EPRINTTYPE = {arXiv},
  TITLE = {Adversarial blockchain queues and trading on a CFMM},
}

@ONLINE{marshall2023false,
  AUTHOR = {Marshall, Blair},
  URL = {https://www.blocknative.com/blog/mev-protection-negative-settlement},
  DATE = {2023},
  TITLE = {The False Narrative of MEV Protection: How Private Transactions Can Result in a Poorer Settlement Than Sending Publicly},
}

@ONLINE{martinelli2019non,
  AUTHOR = {Martinelli, Fernando and Mushegian, Nikolai},
  URL = {https://balancer.fi/whitepaper.pdf},
  DATE = {2019},
  TITLE = {A non-custodial portfolio manager, liquidity provider, and price sensor},
}

@EPRINT{milionis2023complexity,
  AUTHOR = {Milionis, Jason and Moallemi, Ciamac C. and Roughgarden, Tim},
  DATE = {2023},
  DOI = {https://doi.org/10.48550/arXiv.2302.11652},
  EPRINT = {2302.11652},
  EPRINTCLASS = {math.FA},
  EPRINTTYPE = {arXiv},
  KEYWORDS = {amm,complexity,lob,exchange},
  TITLE = {Complexity-Approximation Trade-offs in Exchange Mechanisms: AMMs vs. LOBs},
}

@EPRING{milionis2022automated,
  AUTHOR = {Milionis, Jason and Moallemi, Ciamac C and Roughgarden, Tim and Zhang, Anthony Lee},
  DATE = {2022},
  EPRINT = {2208.06046},
  EPRINTCLASS = {q-fin.MF},
  EPRINTTYPE = {arXiv},
  TITLE = {Automated market making and loss-versus-rebalancing},
}

@ARTICLE{modigliani1958cost,
  AUTHOR = {Modigliani, Franco and Miller, Merton H},
  PUBLISHER = {JSTOR},
  DATE = {1958},
  JOURNALTITLE = {The American economic review},
  NUMBER = {3},
  PAGES = {261--297},
  TITLE = {The cost of capital, corporation finance and the theory of investment},
  VOLUME = {48},
}

@ARTICLE{nau1991arbitrage,
  AUTHOR = {Nau, Robert F and McCardle, Kevin F},
  PUBLISHER = {Springer},
  DATE = {1991},
  JOURNALTITLE = {Theory and Decision},
  PAGES = {199--240},
  TITLE = {Arbitrage, rationality, and equilibrium},
  VOLUME = {31},
}

@INPROCEEDINGS{schoneborn2009liquidation,
  AUTHOR = {Sch√∂neborn, Torsten and Schied, Alexander},
  BOOKTITLE = {EFA 2008 Athens Meetings Paper},
  DATE = {2009},
  TITLE = {Liquidation in the face of adversity: stealth vs. sunshine trading},
}

@ONLINE{sec2016certain,
  AUTHOR = {Securities and Exchange Commission, Division of Trading and Markets},
  URL = {https://www.sec.gov/spotlight/equity-market-structure/issues-affecting-customers-emsac-012616.pdf},
  DATE = {2016},
  TITLE = {Certain Issues Affecting Customers in the Current Equity Market Structure},
}

@ARTICLE{varian1987arbitrage,
  AUTHOR = {Varian, Hal R},
  PUBLISHER = {American Economic Association},
  DATE = {1987},
  JOURNALTITLE = {Journal of Economic Perspectives},
  NUMBER = {2},
  PAGES = {55--72},
  TITLE = {The arbitrage principle in financial economics},
  VOLUME = {1},
}

@INPROCEEDINGS{wang2022cyclic,
  AUTHOR = {Wang, Ye and Chen, Yan and Wu, Haotian and Zhou, Liyi and Deng, Shuiguang and Wattenhofer, Roger},
  BOOKTITLE = {Companion Proceedings of the Web Conference 2022},
  DATE = {2022},
  PAGES = {12--19},
  TITLE = {Cyclic arbitrage in decentralized exchanges},
}

@ARTICLE{werner1987arbitrage,
  AUTHOR = {Werner, Jan},
  PUBLISHER = {JSTOR},
  DATE = {1987},
  JOURNALTITLE = {Econometrica: Journal of the Econometric Society},
  PAGES = {1403--1418},
  TITLE = {Arbitrage and the existence of competitive equilibrium},
}

@ARTICLE{yadav2015algorithmic,
  AUTHOR = {Yadav, Yesha},
  PUBLISHER = {HeinOnline},
  DATE = {2015},
  JOURNALTITLE = {Vand. L. Rev.},
  PAGES = {1607},
  TITLE = {How algorithmic trading undermines efficiency in capital markets},
  VOLUME = {68},
}

@ARTICLE{yang2020back,
  AUTHOR = {Yang, Liyan and Zhu, Haoxiang},
  PUBLISHER = {Oxford University Press},
  DATE = {2020},
  JOURNALTITLE = {The Review of Financial Studies},
  NUMBER = {4},
  PAGES = {1484--1533},
  TITLE = {Back-running: Seeking and hiding fundamental information in order flows},
  VOLUME = {33},
}

@COMMENT{jabref-meta: databaseType:biblatex;
}
@COMMENT{jabref-entrytype: eprint: req[] opt[]}

@inproceedings{hall2021game,
  title={Game theory on the blockchain: a model for games with smart contracts},
  author={Hall-Andersen, Mathias and Schwartzbach, Nikolaj I},
  booktitle={International Symposium on Algorithmic Game Theory},
  pages={156--170},
  year={2021},
  organization={Springer}
}

@inproceedings{daian2020flash,
  title={Flash boys 2.0: Frontrunning in decentralized exchanges, miner extractable value, and consensus instability},
  author={Daian, Philip and Goldfeder, Steven and Kell, Tyler and Li, Yunqi and Zhao, Xueyuan and Bentov, Iddo and Breidenbach, Lorenz and Juels, Ari},
  booktitle={2020 IEEE Symposium on Security and Privacy (SP)},
  pages={910--927},
  year={2020},
  organization={IEEE},
  archiveprefix={arXiv},
  eprint={1904.05234},
  primaryclass={cs.CR}
}